<record><leader>00000cas a22000007a 4500</leader><controlfield tag="001">30104494</controlfield><controlfield tag="008">940408d19181919nmuwr ne      0    0eng d</controlfield><datafield ind1=" " ind2=" " tag="010"><subfield code="a">sn 94056858 </subfield></datafield><datafield ind1=" " ind2=" " tag="040"><subfield code="a">NVM</subfield><subfield code="b">eng</subfield><subfield code="c">NVM</subfield><subfield code="d">OCLCQ</subfield><subfield code="d">OCLCF</subfield><subfield code="d">OCLCO</subfield></datafield><datafield ind1="1" ind2=" " tag="029"><subfield code="a">AU@</subfield><subfield code="b">000025897736</subfield></datafield><datafield ind1=" " ind2=" " tag="042"><subfield code="a">msc</subfield></datafield><datafield ind1=" " ind2=" " tag="043"><subfield code="a">n-us-nm</subfield></datafield><datafield ind1="0" ind2="0" tag="245"><subfield code="a">New Mexico state independent.</subfield></datafield><datafield ind1=" " ind2=" " tag="260"><subfield code="a">Albuquerque, N.M. :</subfield><subfield code="b">J.G. Albright</subfield></datafield><datafield ind1=" " ind2=" " tag="300"><subfield code="a">v.</subfield></datafield><datafield ind1=" " ind2=" " tag="310"><subfield code="a">Weekly</subfield></datafield><datafield ind1="0" ind2=" " tag="362"><subfield code="a">Vol. 6, no. 26 (Aug. 2, 1918)-v. 4, no. 30 (June 27, 1919).</subfield></datafield><datafield ind1=" " ind2=" " tag="515"><subfield code="a">Numbering irregularities.</subfield></datafield><datafield ind1=" " ind2="0" tag="651"><subfield code="a">Albuquerque (N.M.)</subfield><subfield code="v">Newspapers.</subfield></datafield><datafield ind1=" " ind2="0" tag="651"><subfield code="a">Bernalillo County (N.M.)</subfield><subfield code="v">Newspapers.</subfield></datafield><datafield ind1=" " ind2="7" tag="655"><subfield code="a">Newspapers.</subfield><subfield code="2">fast</subfield><subfield code="0">(OCoLC)fst01423814</subfield></datafield><datafield ind1=" " ind2="7" tag="651"><subfield code="a">New Mexico</subfield><subfield code="z">Albuquerque.</subfield><subfield code="2">fast</subfield><subfield code="0">(OCoLC)fst01205799</subfield></datafield><datafield ind1=" " ind2="7" tag="651"><subfield code="a">New Mexico</subfield><subfield code="z">Bernalillo County.</subfield><subfield code="2">fast</subfield><subfield code="0">(OCoLC)fst01218455</subfield></datafield><datafield ind1=" " ind2=" " tag="752"><subfield code="a">United States</subfield><subfield code="b">New Mexico</subfield><subfield code="c">Bernalillo</subfield><subfield code="d">Albuquerque.</subfield></datafield><datafield ind1="0" ind2="0" tag="780"><subfield code="t">New Mexico state democrat</subfield><subfield code="w">(DLC)sn 94056921</subfield></datafield><datafield ind1="0" ind2="0" tag="785"><subfield code="t">New Mexico state republican</subfield><subfield code="w">(DLC)sn 94056859</subfield></datafield></record>